@thesis{gaoqingfeng,
  title            = {多无人机被动目标定位与跟踪技术研究},
  author           = {},
  tertiaryauthor   = {戚国庆},
  publisher        = {南京理工大学},
  typeofwork       = {硕士},
  year             = {2017},

}

@article{kownacki2017local,
  title={Local and asymmetrical potential field approach to leader tracking problem in rigid formations of fixed-wing UAVs},
  author={Kownacki, Cezary and Ambroziak, Leszek},
  journal={Aerospace Science and Technology},
  volume={68},
  pages={465--474},
  year={2017},
  publisher={Elsevier}
}

@article{张鲲2018海上侦察船的纯方位无源定位技术研究,
  title={海上侦察船的纯方位无源定位技术研究},
  author={张鲲 and 沈重 and 王海丰 and 李壮 and 高倩 and 李涵雯},
  journal={舰船科学技术},
  number={2},
  pages={19--21},
  year={2018}
}